@Misc{wikiSegmentationImage,
  author       = {Wikipedia},
  title        = {Segmentation d'image},
  howpublished = {\url{http://fr.wikipedia.org/wiki/Segmentation_d%27image}},
  year         = {Novembre 2014},
}
@incollection{spatialSegmentation,
  year      = {2006},
  isbn      = {978-0-387-24395-5},
  booktitle = {Encyclopedia of Multimedia},
  editor    = {Furht, Borko},
  doi       = {10.1007/0-387-30038-4_213},
  title     = {Segmentation of Images and Video},
  url       = {http://dx.doi.org/10.1007/0-387-30038-4_213},
  publisher = {Springer US},
  author    = {Mezaris, Vasileios and Kompatsiaris, Ioannis and Strintzis, MichaelG.},
  pages     = {780-788},
  language  = {English}
}